<record><leader>00000cas a2200000 a 4500</leader><controlfield tag="001">12968047</controlfield><controlfield tag="008">860103d18721873dcuwr ne      0    0eng c</controlfield><datafield ind1=" " ind2=" " tag="010"><subfield code="a">sn 86063005 </subfield></datafield><datafield ind1=" " ind2=" " tag="040"><subfield code="a">KSH</subfield><subfield code="b">eng</subfield><subfield code="c">KSH</subfield><subfield code="d">NPT</subfield><subfield code="d">NPX</subfield><subfield code="d">DLC</subfield><subfield code="d">CVF</subfield><subfield code="d">OCLCQ</subfield><subfield code="d">OCLCF</subfield><subfield code="d">OCLCO</subfield></datafield><datafield ind1="1" ind2=" " tag="029"><subfield code="a">AU@</subfield><subfield code="b">000004560291</subfield></datafield><datafield ind1=" " ind2=" " tag="042"><subfield code="a">pcc</subfield></datafield><datafield ind1=" " ind2=" " tag="043"><subfield code="a">n-us-dc</subfield></datafield><datafield ind1="0" ind2="0" tag="050"><subfield code="a">Newspaper</subfield></datafield><datafield ind1="0" ind2="0" tag="245"><subfield code="a">Forney's Sunday morning chronicle.</subfield></datafield><datafield ind1="1" ind2="7" tag="246"><subfield code="a">Sunday morning chronicle</subfield></datafield><datafield ind1="3" ind2="0" tag="246"><subfield code="a">Sunday chronicle</subfield></datafield><datafield ind1=" " ind2=" " tag="260"><subfield code="a">Washington, D.C. :</subfield><subfield code="b">D.C. Forney,</subfield><subfield code="c">1872-1873.</subfield></datafield><datafield ind1=" " ind2=" " tag="300"><subfield code="a">2 v. ;</subfield><subfield code="c">59 cm.</subfield></datafield><datafield ind1=" " ind2=" " tag="310"><subfield code="a">Weekly</subfield></datafield><datafield ind1="0" ind2=" " tag="362"><subfield code="a">Vol. 12, no. 38 (Dec. 22, 1872)-v. 13, no. 39 (Dec. 28, 1873).</subfield></datafield><datafield ind1=" " ind2=" " tag="530"><subfield code="a">Available on microfilm from the Library of Congress, Photoduplication Service.</subfield></datafield><datafield ind1=" " ind2="0" tag="651"><subfield code="a">Washington (D.C.)</subfield><subfield code="v">Newspapers.</subfield></datafield><datafield ind1=" " ind2="7" tag="655"><subfield code="a">Newspapers.</subfield><subfield code="2">fast</subfield><subfield code="0">(OCoLC)fst01423814</subfield></datafield><datafield ind1=" " ind2="7" tag="651"><subfield code="a">Washington (D.C.)</subfield><subfield code="2">fast</subfield><subfield code="0">(OCoLC)fst01204505</subfield></datafield><datafield ind1=" " ind2=" " tag="752"><subfield code="a">United States</subfield><subfield code="b">District of Columbia</subfield><subfield code="d">Washington.</subfield></datafield><datafield ind1="0" ind2="0" tag="780"><subfield code="t">Sunday morning chronicle (Washington, D.C. : 1861)</subfield><subfield code="w">(DLC)sn 84024432</subfield><subfield code="w">(OCoLC)10796474</subfield></datafield><datafield ind1="0" ind2="0" tag="785"><subfield code="t">Forney's Sunday chronicle</subfield><subfield code="w">(DLC)sn 86053131</subfield><subfield code="w">(OCoLC)13211745</subfield></datafield></record>